@misc{cite0,
	author = {Développeurs de chez Cozy},
    title = {Create a client-side application for Cozy},
   	howpublished = {\url{https://dev.cozy.io/clientsideapp.html#create-a-client-side-application-for-cozy}},
    year = 2017,
    note = "[En ligne; accès le 06-Février-2017]"
}


@misc{cite3,
	author = {Développeurs de chez Cozy},
    title = {Cozysdk CRUD functions},
   	howpublished = {\url{https://cozy.github.io/cozy-browser-sdk/module-crud.html#.create}},
    year = 2017,
    note = "[En ligne; 06-Février-2017]"
}

@misc{cite4,
	author = {Développeurs de chez Cozy},
    title = {cozysdk-client-tuto},
   	howpublished = {\url{https://github.com/cozy/cozysdk-client-tuto}},
    year = 2017,
   note = "[En ligne; 06-Février-2017]"
}

